<record><leader>00000cas a22000007a 4500</leader><controlfield tag="001">19016721</controlfield><controlfield tag="008">890113d17951796mdudn ne      0    0eng d</controlfield><datafield ind1=" " ind2=" " tag="010"><subfield code="a">sn 88065735 </subfield></datafield><datafield ind1=" " ind2=" " tag="040"><subfield code="a">MFN</subfield><subfield code="b">eng</subfield><subfield code="c">MFN</subfield><subfield code="d">MGN</subfield><subfield code="d">NVK</subfield><subfield code="d">OCL</subfield><subfield code="d">OCLCG</subfield><subfield code="d">OCLCQ</subfield><subfield code="d">OCLCF</subfield><subfield code="d">OCLCO</subfield></datafield><datafield ind1="1" ind2=" " tag="029"><subfield code="a">AU@</subfield><subfield code="b">000025827138</subfield></datafield><datafield ind1=" " ind2=" " tag="042"><subfield code="a">msc</subfield></datafield><datafield ind1=" " ind2=" " tag="043"><subfield code="a">n-us-md</subfield></datafield><datafield ind1=" " ind2="4" tag="050"><subfield code="a">AN41.16</subfield><subfield code="b">.M3</subfield></datafield><datafield ind1="0" ind2="0" tag="245"><subfield code="a">Maryland journal, &amp; Baltimore advertiser.</subfield></datafield><datafield ind1="3" ind2="0" tag="246"><subfield code="a">Maryland journal, and Baltimore advertiser</subfield></datafield><datafield ind1=" " ind2=" " tag="260"><subfield code="a">Baltimore [Md.] :</subfield><subfield code="b">Philip Edwards &amp; John W. Allen,</subfield><subfield code="c">1795-1796.</subfield></datafield><datafield ind1=" " ind2=" " tag="300"><subfield code="a">v.</subfield></datafield><datafield ind1=" " ind2=" " tag="310"><subfield code="a">Daily (except Sun.)</subfield></datafield><datafield ind1="0" ind2=" " tag="362"><subfield code="a">No. 2025 (Oct. 26, 1795)-no. 3151 (July 30, 1796).</subfield></datafield><datafield ind1=" " ind2=" " tag="530"><subfield code="a">Available on Microfilm from: Zepp Microfilming Service, Inc.</subfield></datafield><datafield ind1=" " ind2="0" tag="651"><subfield code="a">Baltimore (Md.)</subfield><subfield code="v">Newspapers.</subfield></datafield><datafield ind1=" " ind2="7" tag="655"><subfield code="a">Newspapers.</subfield><subfield code="2">fast</subfield><subfield code="0">(OCoLC)fst01423814</subfield></datafield><datafield ind1=" " ind2="7" tag="651"><subfield code="a">Maryland</subfield><subfield code="z">Baltimore.</subfield><subfield code="2">fast</subfield><subfield code="0">(OCoLC)fst01204292</subfield></datafield><datafield ind1="1" ind2=" " tag="700"><subfield code="a">Edwards, Philip,</subfield><subfield code="d">1772?-1800.</subfield></datafield><datafield ind1="1" ind2=" " tag="700"><subfield code="a">Allen, John Wincoll.</subfield></datafield><datafield ind1=" " ind2=" " tag="752"><subfield code="a">United States</subfield><subfield code="b">Maryland</subfield><subfield code="d">Baltimore.</subfield></datafield><datafield ind1="0" ind2="0" tag="780"><subfield code="t">Maryland journal, and Baltimore universal daily advertiser</subfield><subfield code="w">(DLC)sn 85025138</subfield></datafield><datafield ind1="0" ind2="0" tag="785"><subfield code="t">Maryland journal, &amp; Baltimore daily advertiser</subfield><subfield code="w">(DLC)sn 88065736</subfield></datafield></record>